%% Created using Papers on Mon, 13 May 2013.
%% http://mekentosj.com/papers/

@article{Finn:2008iw,
author = {Finn, Robert D and Tate, John and Mistry, Jaina and Coggill, Penny C and Sammut, Stephen John and Hotz, Hans-Rudolf and Ceric, Goran and Forslund, Kristoffer and Eddy, Sean R and Sonnhammer, Erik L L and Bateman, Alex},
title = {{The Pfam protein families database.}},
journal = {Nucleic Acids Research},
year = {2008},
volume = {36},
number = {Database issue},
pages = {D281--8},
month = jan
}

@article{Orengo:1994fh,
author = {Orengo, C A and Jones, D T and Thornton, J M},
title = {{Protein superfamilies and domain superfolds.}},
journal = {Nature},
year = {1994},
volume = {372},
number = {6507},
pages = {631--634},
month = dec
}

@article{Jones:1997ve,
author = {Jones, D T},
title = {{Progress in protein structure prediction.}},
journal = {Current Opinion in Structural Biology},
year = {1997},
volume = {7},
number = {3},
pages = {377--387},
month = jun
}

@article{Makinen:2009tl,
author = {M{\"a}kinen, V and Navarro, G and Sir{\'e}n, J and V{\"a}lim{\"a}ki, N},
title = {{Storage and retrieval of individual genomes}},
journal = {Research in Computational Molecular Biology (RECOMB)},
year = {2009}
}

@article{Chothia:1986tm,
author = {Chothia, C and Lesk, A M},
title = {{The relation between the divergence of sequence and structure in proteins.}},
journal = {The EMBO journal},
year = {1986},
volume = {5},
number = {4},
pages = {823--826},
month = apr
}

@article{Yona:2000ec,
author = {Yona, Golan and Linial, Nathan and Linial, Michal},
title = {{ProtoMap: automatic classification of protein sequences and hierarchy of protein families}},
journal = {Nucleic Acids Research},
year = {2000},
volume = {28},
number = {1},
pages = {49--55},
month = jan
}

@article{Loewenstein:2009eb,
author = {Loewenstein, Yaniv and Raimondo, Domenico and Redfern, Oliver C and Watson, James and Frishman, Dmitrij and Linial, Michal and Orengo, Christine and Thornton, Janet and Tramontano, Anna},
title = {{Protein function annotation by homology-based inference}},
journal = {Genome Biology},
year = {2009},
volume = {10},
number = {2},
pages = {207}
}

@article{Yang:2011id,
author = {Yang, Yuedong and Faraggi, Eshel and Zhao, Huiying and Zhou, Yaoqi},
title = {{Improving protein fold recognition and template-based modeling by employing probabilistic-based matching between predicted one-dimensional structural properties of query and corresponding native properties of templates.}},
journal = {Bioinformatics},
year = {2011},
volume = {27},
number = {15},
pages = {2076--2082},
month = aug
}

@article{Rost:2002wx,
author = {Rost, B},
title = {{Did evolution leap to create the protein universe?}},
journal = {Current Opinion in Structural Biology},
year = {2002}
}

@inproceedings{Rabiner:1989vx,
author = {Rabiner, L R},
title = {{A tutorial on hidden Markov models and selected applications in speech recognition}},
booktitle = {Proceedings of the IEEE},
year = {1989}
}

@article{Kolodny:2006jv,
author = {Kolodny, Rachel and Petrey, Donald and Honig, Barry},
title = {{Protein structure comparison: implications for the nature of 'fold space', and structure and function prediction.}},
journal = {Current Opinion in Structural Biology},
year = {2006},
volume = {16},
number = {3},
pages = {393--398},
month = jun
}

@article{Kozanitis:2011bh,
author = {Kozanitis, Christos and Saunders, Chris and Kruglyak, Semyon and Bafna, Vineet and Varghese, George},
title = {{Compressing genomic sequence fragments using SlimGene.}},
journal = {Journal of Computational Biology},
year = {2011},
volume = {18},
number = {3},
pages = {401--413},
month = mar
}

@article{Peng:2011wx,
author = {Peng, J and Xu, J},
title = {{RaptorX: exploiting structure information for protein alignment by statistical inference}},
journal = {Proteins: Structure, Function, and Bioinformatics},
year = {2011}
}

@article{Wilson:2000ed,
author = {Wilson, C A and Kreychman, J and Gerstein, M},
title = {{Assessing annotation transfer for genomics: quantifying the relations between protein sequence, structure and function through traditional and probabilistic scores.}},
journal = {Journal of Molecular Biology},
year = {2000},
volume = {297},
number = {1},
pages = {233--249},
month = mar
}

@article{Lu:2004p1,
author = {Lu, B and Rosenbaum, P},
title = {{Optimal Pair Matching With Two Control Groups}},
journal = {JOURNAL OF COMPUTATIONAL AND GRAPHICAL STATISTICS},
year = {2004}
}

@article{Hansen:2006p2,
author = {Hansen, B and Klopfer, S},
title = {{Optimal Full Matching and Related Designs via Network Flows}},
journal = {JOURNAL OF COMPUTATIONAL AND GRAPHICAL STATISTICS},
year = {2006}
}

@article{Arnt:2003p3,
author = {Arnt, A and Zilberstein, S},
title = {{Learning to Perform Moderation in Online Forums}},
journal = {Proc. of the IEEE/WIC International Conference on Web {\ldots}},
year = {2003}
}

@article{Lu:2001p4,
author = {Lu, B and Zanutto, E and Hornik, R and Rosenbaum, P},
title = {{Matching With Doses in an Observational Study of a Media Campaign Against Drug Abuse}},
journal = {Journal of the American Statistical Association},
year = {2001}
}

@article{Stukel:2007p36,
author = {Stukel, Th{\'e}r{\`e}se A and Fisher, Elliott S and Wennberg, David E and Alter, David A and Gottlieb, Daniel J and Vermeulen, Marian J},
title = {{Analysis of observational studies in the presence of treatment selection bias: effects of invasive cardiac management on AMI survival using propensity score and instrumental variable methods}},
journal = {JAMA : the journal of the American Medical Association},
year = {2007},
volume = {297},
number = {3},
pages = {278--285},
month = jan
}

@article{Brookhart:2006p47,
author = {Brookhart, M Alan and Schneeweiss, Sebastian and Rothman, Kenneth J and Glynn, Robert J and Avorn, Jerry and St{\"u}rmer, Til},
title = {{Variable selection for propensity score models}},
journal = {American journal of epidemiology},
year = {2006},
volume = {163},
number = {12},
pages = {1149--1156},
month = jun
}

@article{Eng:2008p49,
author = {Eng, P and Seeger, J and Loughlin, J and Clifford, C},
title = {{Supplementary data collection with case-cohort analysis to address potential confounding in a cohort {\ldots}}},
journal = {Pharmacoepidemiol Drug Saf},
year = {2008}
}

@article{Seeger:2007p50,
author = {Seeger, J and PharmD, D and Kurth, T and Walker, A},
title = {{Use of Propensity Score Technique to Account for Exposure-Related Covariates: An Example and Lesson.}},
journal = {Medical Care},
year = {2007}
}

@article{Canutescu:2003p131,
author = {Canutescu, A and Shelenkov, A and Dunbrack, R},
title = {{A graph-theory algorithm for rapid protein side-chain prediction}},
journal = {Protein Science},
year = {2003}
}

@article{Xu:2005p179,
author = {Xu, J},
title = {{Rapid protein side-chain packing via tree decomposition}},
journal = {Lect. Notes Comp. Sci},
year = {2005}
}

@article{Dunbrack:2002p235,
author = {Dunbrack, R},
title = {{Rotamer Libraries in the 21st Century}},
journal = {Current Opinion in Structural Biology},
year = {2002}
}

@article{Cannon:1998p297,
author = {Cannon, Adam H and Cowen, Lenore J and Priebe, Carey E},
title = {{Approximate Distance Classification}},
journal = {COMPUTING SCIENCE AND STATISTICS},
year = {1998},
month = sep
}

@article{Wu:2008vh,
author = {Wu, S and Zhang, Y},
title = {{MUSTER: improving protein sequence profile--profile alignments by using multiple sources of structure information}},
journal = {Proteins: Structure, Function, and Bioinformatics},
year = {2008}
}

@article{Cannon:1998tf,
author = {Cannon, A and Cowen, L and Priebe, C},
title = {{Approximate Distance Classification}},
journal = {COMPUTING SCIENCE AND STATISTICS},
year = {1998}
}

@article{Wolpert:2005p357,
author = {Wolpert, D and Macready, W and Center, N and Moffett, C},
title = {{Coevolutionary free lunches}},
journal = {IEEE Transactions on Evolutionary Computation},
year = {2005}
}

@article{Wolpert:1997p382,
author = {Wolpert, D and Macready, W and Center, I and San Jose, C},
title = {{No free lunch theorems for optimization}},
journal = {IEEE Transactions on Evolutionary Computation},
year = {1997}
}

@article{Yanover:2008p391,
author = {Yanover, C and Schueler-Furman, O and Weiss, Y},
title = {{Minimizing and learning energy functions for side-chain prediction}},
journal = {Journal of Computational Biology},
year = {2008}
}

@article{Hartmann:2007p443,
author = {Hartmann, C and Antes, I and Lengauer, T},
title = {{IRECS: A new algorithm for the selection of most probable ensembles of side-chain conformations in protein {\ldots}}},
journal = {Protein Science},
year = {2007}
}

@article{McDonnell:2005p497,
author = {McDonnell, A and Menke, M and Palmer, N and King, J and Cowen, L},
title = {{Comparative modeling of mainly-beta proteins by profile wrapping}},
journal = {broad.mit.edu},
year = {2005}
}

@article{McDonnell:2006p498,
author = {McDonnell, A and Menke, M and Palmer, N and King, J and Cowen, L},
title = {{Fold recognition and accurate sequence-structure alignment of sequences directing Î²-sheet proteins}},
journal = {Proteins: Structure, Function, and Bioinformatics},
year = {2006}
}

@article{Couch:2003p518,
author = {Couch, A and Sun, Y},
title = {{On the algebraic structure of convergence}},
journal = {Lecture notes in computer science},
year = {2003}
}

@article{Menke:2005p561,
author = {Menke, M and King, J and Berger, B and Cowen, L},
title = {{Wrap-and-pack: A new paradigm for beta structural motif recognition with application to recognizing {\ldots}}},
journal = {Journal of Computational Biology},
year = {2005}
}

@article{Lifson:1980tl,
author = {Lifson, S and Sander, C},
title = {{Specific recognition in the tertiary structure of beta-sheets of proteins.}},
journal = {Journal of Molecular Biology},
year = {1980},
volume = {139},
number = {4},
pages = {627--639},
month = jun
}

@article{Daskalakis:2009p807,
author = {Daskalakis, C and Goldberg, P and Papadimitriou, C},
title = {{The complexity of computing a Nash equilibrium}},
journal = {portal.acm.org},
year = {2009}
}

@article{Ramensky:2002p848,
author = {Ramensky, Vasily and Bork, Peer and Sunyaev, Shamil},
title = {{Human non-synonymous SNPs: server and survey}},
journal = {Nucleic Acids Research},
year = {2002},
volume = {30},
number = {17},
pages = {3894},
month = sep
}

@article{Priebe:1998p881,
author = {Priebe, C and Cowen, L},
title = {{Approximate distance clustering}},
journal = {COMPUTING SCIENCE AND STATISTICS},
year = {1998}
}

@article{Couch:2010p936,
author = {Couch, A and Daniels, N},
title = {{The Maelstrom: Network Service Debugging via ``Ineffective Procedures''}},
journal = {usenix.org}
}

@article{Simonsen:2008p946,
author = {Simonsen, M and Mailund, T and Pedersen, CNS},
title = {{Rapid Neighbour-Joining}},
journal = {Lect Notes Comput Sci},
year = {2008},
volume = {5251},
pages = {113:122}
}

@article{Simonsen:2008wh,
author = {Simonsen, M and Mailund, T and Pedersen, C},
title = {{Rapid Neighbour-Joining}},
journal = {Proceedings of the 8th international workshop on {\ldots}},
year = {2008}
}

@article{Subbiah:1993p1111,
author = {Subbiah, S and Laurents, D and Levitt, M},
title = {{Structural similarity of DNA-binding domains of bacteriophage repressors and the globin core}},
journal = {Current Biology},
year = {1993}
}

@article{Kolodny:2005p1181,
author = {Kolodny, R and Koehl, P and Levitt, M},
title = {{Comprehensive evaluation of protein structure alignment methods: scoring by geometric measures}},
journal = {Journal of Molecular Biology},
year = {2005}
}

@article{Martinez:2007p1238,
author = {Mart{\'\i}nez, Leandro and Mart{\'\i}nez, Leandro and Andreani, Roberto and Andreani, Roberto and Mart{\'\i}nez, Jos{\'e} and Mart{\'\i}nez, Jos{\'e}},
title = {{Convergent algorithms for protein structural alignment}},
journal = {BMC Bioinformatics},
year = {2007},
volume = {8},
number = {1},
pages = {306},
month = aug
}

@article{Hasegawa:2009p1289,
author = {Hasegawa, Hitomi and Holm, Liisa},
title = {{Advances and pitfalls of protein structural alignment}},
journal = {Current Opinion in Structural Biology},
year = {2009},
volume = {19},
number = {3},
pages = {341--348},
month = jun
}

@article{Wrabl:2008p1349,
author = {Wrabl, J and Grishin, N},
title = {{Statistics of Random Protein Superpositions: p-Values for Pairwise Structure Alignment}},
journal = {Journal of Computational Biology},
year = {2008}
}

@article{PascualGarcia:2009p1471,
author = {Pascual-Garc{\'\i}a and Abia, D and Ortiz, {\'A} and Bastolla, U},
title = {{Cross-Over between Discrete and Continuous Protein Structure Space: Insights into Automatic Classification and Networks of Protein Structures}},
journal = {PLoS Computational Biology},
year = {2009}
}

@article{Valas:2009p1477,
author = {Valas, R and Yang, S and Bourne, P},
title = {{Nothing about protein structure classification makes sense except in the light of evolution}},
journal = {Current Opinion in Structural Biology},
year = {2009}
}

@article{Gerstein:1998p1487,
author = {Gerstein, M and Levitt, M},
title = {{Comprehensive assessment of automatic structural alignment against a manual standard, the Scop Classification of Proteins}},
journal = {Protein Science},
year = {1998}
}

@article{Pei:2008p1533,
author = {Pei, J and Kim, B and Grishin, N},
title = {{PROMALS 3 D: a tool for multiple protein sequence and structure alignments}},
journal = {Nucleic Acids Research},
year = {2008}
}

@article{Hadley:1999p1580,
author = {Hadley, C and Jones, D},
title = {{A systematic comparison of protein structure classifications: SCOP, CATH and FSSP}},
journal = {Structure},
year = {1999}
}

@article{Kumar:2009tp,
author = {Kumar, Anoop and Cowen, Lenore},
title = {{Augmented training of hidden Markov models to recognize remote homologs via simulated evolution}},
journal = {Bioinformatics},
year = {2009},
volume = {25},
number = {13},
pages = {1602--1608}
}

@article{Menke:2008wu,
author = {Menke, M and Berger, B and Cowen, L},
title = {{Matt: local flexibility aids protein multiple structure alignment}},
journal = {PLoS Computational Biology},
year = {2008}
}

@article{Tai:2008p1636,
author = {Tai, C and Garnier, J and Gibrat, J and Lee, B and Munson, P},
title = {{Towards an automatic classification of protein structural domains based on {\ldots}}},
journal = {BMC Bioinformatics},
year = {2008}
}

@article{Getz:2001p1719,
author = {Getz, G and Vendruscolo, M and Sachs, D and Domany, E},
title = {{Automated assignment of SCOP and CATH protein structure classification from FSSP scores}},
journal = {Arxiv preprint cond-mat},
year = {2001}
}

@article{Beck:2003p1743,
author = {Beck, D and Armen, R and Daggett, V},
title = {{A consensus view of fold space: Combining SCOP, CATH, and the Dali Domain Dictionary}},
journal = {Protein Science},
year = {2003}
}

@article{Csaba:2009p1799,
author = {Csaba, G and Birzele, F and Zimmer, R},
title = {{Systematic comparison of SCOP and CATH: a new gold standard for protein {\ldots}}},
journal = {BMC Structural Biology},
year = {2009}
}

@article{Redfern:2007p1836,
author = {Redfern, O and Harrison, A and Dallman, T},
title = {{CATHEDRAL: a fast and effective algorithm to predict folds and domain boundaries from multidomain protein structures}},
journal = {PLoS Computational Biology},
year = {2007}
}

@article{Saitou:1987p2091,
author = {Saitou, N and Nei, M},
title = {{The neighbor-joining method: a new method for reconstructing phylogenetic trees}},
journal = {Molecular biology and evolution},
year = {1987},
volume = {4},
number = {4},
pages = {406--425},
month = jul
}

@article{Sadreyev:2009p2118,
author = {Sadreyev, Ruslan I and Kim, Bong-Hyun and Grishin, Nick V},
title = {{Discrete-continuous duality of protein structure space}},
journal = {Current Opinion in Structural Biology},
year = {2009},
volume = {19},
number = {3},
pages = {321--328},
month = jun
}

@article{Dyson:2005p2250,
author = {Dyson, H and Wright, P},
title = {{Intrinsically unstructured proteins and their functions}},
journal = {Nature Reviews Molecular Cell Biology},
year = {2005}
}

@article{Patil:2006p2328,
author = {Patil, A and Nakamura, H},
title = {{Disordered domains and high surface charge confer hubs with the ability to interact with multiple proteins in interaction networks}},
journal = {FEBS letters},
year = {2006}
}

@article{Daniels:2010ug,
author = {Daniels, N and Kumar, A and Cowen, L and Menke, M},
title = {{Touring Protein Space with Matt}},
journal = {Bioinformatics Research and Applications},
year = {2010},
volume = {6053/2010},
pages = {18--28}
}

@inproceedings{Huffman:1952uq,
author = {Huffman, D A},
title = {{A method for the construction of minimum-redundancy codes}},
booktitle = {Proceedings of the IRE},
year = {1952}
}

@article{Menke:2010ti,
author = {Menke, M and Berger, B and Cowen, L},
title = {{Markov random fields reveal an N-terminal double beta-propeller motif as part of a bacterial hybrid two-component sensor system}},
journal = {Proceedings of the National Academy of Science},
year = {2010}
}

@article{Madera:2010p2485,
author = {Madera, M and Calmus, R and Thiltgen, G and Karplus, K},
title = {{Improving protein secondary structure prediction using a simple k-mer model}},
journal = {{\ldots}},
year = {2010}
}

@article{Chau:1997p2504,
author = {Chau, C and Kwong, S and Diu, C and Fahrner, W},
title = {{Optimization of HMM by a genetic algorithm}},
journal = {Acoustics, Speech, and Signal Processing, 1997. ICASSP-97., 1997 IEEE International Conference on},
year = {1997},
volume = {3},
pages = {1727--1730 vol.3}
}

@article{KyoungJaeWon:2006p2516,
author = {Kyoung-Jae Won and Prugel-Bennett, A and Krogh, A},
title = {{Evolving the structure of hidden Markov models}},
journal = {Evolutionary Computation, IEEE Transactions on},
year = {2006},
volume = {10},
number = {1},
pages = {39--49}
}

@article{Won:2005p2518,
author = {Won, K and Hamelryck, T and Prugel-Bennett, A and Krogh, A},
title = {{Evolving hidden Markov models for protein secondary structure prediction}},
journal = {Evolutionary Computation, 2005. The 2005 IEEE Congress on},
year = {2005},
volume = {1},
pages = {33--40 Vol.1}
}

@article{Won:2007p2538,
author = {Won, K and Hamelryck, T and Pr{\"u}gel-Bennett, A},
title = {{An evolutionary method for learning HMM structure: prediction of protein secondary structure}},
journal = {BMC Bioinformatics},
year = {2007}
}

@article{Won:2004p2569,
author = {Won, K and Prugel-Bennett, A and Krogh, A},
title = {{Training HMM structure with genetic algorithm for biological sequence analysis}},
journal = {Bioinformatics},
year = {2004}
}

@article{Bradley:2009tv,
author = {Bradley and Roberts, A and Smoot, M and Juvekar, S},
title = {{Fast statistical alignment}},
journal = {PLoS Computational Biology},
year = {2009}
}

@article{Schwartz:2007vw,
author = {Schwartz, A and Pachter, L},
title = {{Multiple alignment by sequence annealing}},
journal = {Bioinformatics},
year = {2007}
}

@article{Edgar:2004ui,
author = {Edgar, R},
title = {{MUSCLE: a multiple sequence alignment method with reduced time and space complexity}},
journal = {BMC Bioinformatics},
year = {2004}
}

@article{Edgar:2004wd,
author = {Edgar, R},
title = {{MUSCLE: multiple sequence alignment with high accuracy and high throughput}},
journal = {Nucleic Acids Research},
year = {2004}
}

@article{Echave:2010tx,
author = {Echave, J and Fern{\'a}ndez, F},
title = {{A perturbative view of protein structural variation.}},
journal = {Proteins: Structure, Function, and Bioinformatics},
year = {2010}
}

@article{Dunbrack:2005wb,
author = {Dunbrack, R},
title = {{PISCES: recent improvements to a PDB sequence culling server}},
journal = {Nucleic Acids Research},
year = {2005}
}

@article{Dunbrack:2003uf,
author = {Dunbrack, R},
title = {{PISCES: a protein sequence culling server}},
journal = {Bioinformatics},
year = {2003}
}

@article{Anonymous:xFg-8voc,
title = {{Supplemental_PDF{\#}nameddest=STXT}}
}

@article{Anonymous:lIQlpqBE,
title = {{Supplemental_PDF{\#}nameddest=STXT}}
}

@article{Levinthal:1969vj,
author = {Levinthal, C},
title = {{How to Fold Gracefully}},
journal = {Mossbauer Spectroscopy in Biological Systems: Proceedings of a meeting held at Allerton House, Monticello, Illinois},
year = {1969},
pages = {22--24}
}

@article{Kumar:2010wv,
author = {Kumar, Anoop and Cowen, Lenore},
title = {{Recognition of beta-structural motifs using hidden Markov models trained with simulated evolution}},
journal = {Bioinformatics},
year = {2010},
volume = {26},
number = {ISMB 2010},
pages = {i287--i293}
}

@article{Matagne:1998uu,
author = {Matagne, A and Chung, E W and Ball, L J and Radford, S E},
title = {{The origin of the Î±-domain intermediate in the folding of hen lysozyme}},
journal = {Journal of Molecular Biology},
year = {1998}
}

@article{Savelieff:2008wg,
author = {Savelieff, M and Wilson, T and Elias, Y},
title = {{Experimental evidence for a link among cupredoxins: Red, blue, and purple copper transformations in nitrous oxide reductase}},
journal = {Proceedings of the National Academy of Science},
year = {2008}
}

@article{Xu:2003p3417,
author = {Xu, Jinbo and Li, Ming and Kim, Dongsup and Xu, Ying},
title = {{Raptor: Optimal Protein Threading By Linear Programming}},
journal = {Journal of Bioinformatics and Computational Biology},
year = {2003},
volume = {1},
number = {1},
pages = {95--117}
}

@article{Anonymous:aarDs4Fw,
title = {{Johnson06-phdthesis.pdf}}
}

@article{Johnson:2006tt,
author = {Johnson, Stephen},
title = {{Remote Protein Homology Detection Using Hidden Markov Models}},
journal = {PhD thesis, Washington University in St. Louis},
year = {2006},
pages = {1--106},
month = oct
}

@article{Lifson:1980vd,
author = {Lifson, S and Sander, C},
title = {{Specific recognition in the tertiary structure of [beta]-sheets of proteins}},
journal = {Journal of Molecular Biology},
year = {1980},
volume = {139},
pages = {627--629}
}

@article{Berger:1995wn,
author = {Berger, B},
title = {{Algorithms for protein structural motif recognition}},
journal = {Journal of Computational Biology},
year = {1995}
}

@article{Berger:1997vs,
author = {Berger, B},
title = {{An iterative method for improved protein structural motif recognition}},
journal = {Proceedings of the first annual international {\ldots}},
year = {1997}
}

@article{Hubbard:1995tm,
author = {Hubbard, TJ and Park, J},
title = {{Fold recognition and ab initio structure predictions using hidden markov models and Î²-strand pair potentials}},
journal = {Proteins: Structure, Function, and Bioinformatics},
year = {1995},
volume = {3},
pages = {398--402}
}

@article{Zhu:1999wr,
author = {Zhu, H and Braun, W},
title = {{Sequence specificity, statistical potentials, and three-dimensional structure prediction with self-correcting distance geometry calculations of beta-sheet formation in proteins.}},
journal = {Protein Science},
year = {1999},
volume = {8},
number = {2},
pages = {326--342}
}

@book{Hentenryck:2009vn,
author = {Hentenryck, P V and Michel, L},
title = {{Constraint-based local search}},
publisher = {The MIT Press},
year = {2005},
address = {Cambridge, MA}
}

@article{Olmea:1999ug,
author = {Olmea, O and Rost, Burkhard and Valencia, Alfonso},
title = {{Effective use of sequence correlation and conservation in fold recognition}},
journal = {Journal of Molecular Biology},
year = {1999},
volume = {293},
number = {5},
pages = {1221--1239}
}

@article{Bradley:2001tj,
author = {Bradley, P and Cowen, L and Menke, M and King, J and Berger, B},
title = {{BETAWRAP: successful prediction of parallel Î²-helices from primary sequence reveals an association with many microbial pathogens}},
journal = {Proceedings of the National Academy of Science},
year = {2001},
volume = {98},
number = {26},
pages = {14819--14824}
}

@article{Steward:2002wz,
author = {Steward, R E and Thorton, J M},
title = {{Prediction of strand pairing in antiparallel and parallel Î²-sheets using information theory}},
journal = {Proteins: Structure, Function, and Bioinformatics},
year = {2002},
volume = {48},
pages = {178--191}
}

@article{Eddy:1998ut,
author = {Eddy, S R},
title = {{Profile hidden Markov models}},
journal = {Bioinformatics},
year = {1998},
volume = {14},
number = {9},
pages = {755--763},
month = oct
}

@article{Karplus:1998ub,
author = {Karplus, K and Barrett, C and Hughey, Richard},
title = {{Hidden Markov models for detecting remote protein homologies}},
journal = {Bioinformatics},
year = {1998},
volume = {14},
pages = {846--856}
}

@article{Daniels:2012dg,
author = {Daniels, Noah M and Hosur, Raghavendra and Berger, Bonnie and Cowen, Lenore J},
title = {{SMURFLite: combining simplified Markov random fields with simulated evolution improves remote homology detection for beta-structural proteins into the twilight zone.}},
journal = {Bioinformatics},
year = {2012},
volume = {28},
number = {9},
pages = {1216--1222},
month = may
}

@article{Sayle:1995ux,
author = {Sayle, RA and Milner-White, EJ},
title = {{RASMOL: biomolecular graphics for all}},
journal = {Trends in Biochemical Sciences},
year = {1995},
volume = {20},
number = {9},
pages = {374}
}

@article{Murzin:1995uh,
author = {Murzin, A and Brenner, S and Hubbard, T},
title = {{SCOP: a structural classification of proteins database for the investigation of sequences and structures}},
journal = {Journal of Molecular Biology},
year = {1995},
volume = {247},
number = {4},
pages = {536--540}
}

@article{Bernstein:1977un,
author = {Bernstein, F C and Koetzle, T F and Williams, G J and Meyer, EE and Brice, M D and Rodgers, J R and Kennard, O and Shimanouchi, T and Tasumi, M},
title = {{The Protein Data Bank: a computer-based archival file for macromolecular structures}},
journal = {Journal of Molecular Biology},
year = {1977},
volume = {112},
pages = {535}
}

@article{Svensson:1992,
author = {Svensson, Birte and Svendsen, Ib and Hoejrup, Peter and Roepstorff, Peter and Ludvigsen, Svend and Poulsen, Flemming M},
title = {{Primary structure of barwin: a barley seed protein closely related to the C-terminal domain of proteins encoded by wound-induced plant genes}},
journal = {Biochemistry},
year = {1992}
}

@article{Baum:1970tv,
author = {Baum, L E and Petrie, T and Soules, G and Weiss, N},
title = {{A maximization technique occurring in the statistical analysis of probabilistic functions of Markov chains}},
journal = {The annals of mathematical statistics},
year = {1970}
}

@article{Baldi:1994vc,
author = {Baldi, P and Chauvin, Y and Hunkapiller, T and McClure, M A},
title = {{Hidden Markov models of biological primary sequence information.}},
journal = {Proceedings of the National Academy of Science},
year = {1994},
volume = {91},
number = {3},
pages = {1059--1063},
month = feb
}

@article{Menke:2009,
author = {Menke, M},
title = {{Computational approaches to modeling the conserved structural core among distantly homolgous proteins}},
journal = {Massachusetts. PhD Thesis, MIT},
year = {2009}
}

@article{Dinner:2000vu,
author = {Dinner, A R and Sali, A and Smith, L J and Dobson, C M},
title = {{Understanding protein folding via free-energy surfaces from theory and experiment}},
journal = {Trends in Biochemical Sciences},
year = {2000}
}

@article{Jim:2005uv,
author = {Jim, K and Agarwal, A and Chazelle, B and Singh, M},
title = {{Whole-proteome prediction of protein function via graph-theoretic analysis of interaction maps}},
journal = {Bioinformatics},
year = {2005}
}

@article{Brady:2009kj,
author = {Brady, Arthur and Maxwell, Kyle and Daniels, Noah and Cowen, Lenore J},
title = {{Fault tolerance in protein interaction networks: stable bipartite subgraphs and redundant pathways.}},
journal = {PloS one},
year = {2009},
volume = {4},
number = {4},
pages = {e5364}
}

@article{Choi:2006cv,
author = {Choi, In-Geol and Kim, Sung-Hou},
title = {{Evolution of protein structural classes and protein sequence families.}},
journal = {Proceedings of the National Academy of Science},
year = {2006},
volume = {103},
number = {38},
pages = {14056--14061},
month = sep
}

@inproceedings{Daniels:2012cm,
author = {Daniels, Noah M and Gallant, Andrew and Ramsey, Norman},
title = {{Experience report: Haskell in computational biology}},
booktitle = {Proceedings of the 17th ACM {\ldots}},
year = {2012},
publisher = { ACM  Request Permissions},
month = sep
}

@article{Petsko:2007kg,
author = {Petsko, Gregory A},
title = {{A day in the life of a genome biologist in the not-too-distant future}},
journal = {Genome Biology},
year = {2007},
volume = {8},
number = {3},
pages = {104},
annote = {Indeed not-to-distant future: 
"6:15 pm to 7 pm.packed up to go home. Waited 45 minutes for shuttle bus to parking lot. while waiting, checked latest news on iPhone."}
}

@article{Eddy:2005cj,
author = {Eddy, Sean R and Eddy, Sean R},
title = {{``Antedisciplinary'' Science}},
journal = {PLoS Computational Biology},
year = {2005},
volume = {1},
number = {1},
pages = {e6}
}

@article{Madej:1995wi,
author = {Madej, T and Boguski, M S and Bryant, S H},
title = {{Threading analysis suggests that the obese gene product may be a helical cytokine.}},
journal = {FEBS letters},
year = {1995},
volume = {373},
number = {1},
pages = {13--18},
month = oct
}

@article{Walbot:2009ek,
author = {Walbot, Virginia},
title = {{Are we training pit bulls to review our manuscripts?}},
journal = {Journal of Biology},
year = {2009},
volume = {8},
number = {3},
pages = {24}
}

@article{Aftandilian:2010ue,
author = {Aftandilian, EE and Kelley, S and al, et},
title = {{Heapviz: interactive heap visualization for program understanding and debugging}},
journal = {Proceedings of the  {\ldots}},
year = {2010}
}

@article{Olmea:1999bg,
author = {Olmea, O and Rost, B and Valencia, A},
title = {{Effective use of sequence correlation and conservation in fold recognition.}},
journal = {Journal of Molecular Biology},
year = {1999},
volume = {293},
number = {5},
pages = {1221--1239},
month = nov
}

@article{Rocha:2009jm,
author = {Rocha, Jairo and Segura, Joan and Wilson, Richard C and Dasgupta, Swagata},
title = {{Flexible structural protein alignment by a sequence of local transformations.}},
journal = {Bioinformatics},
year = {2009},
volume = {25},
number = {13},
pages = {1625--1631},
month = jul
}

@article{Cuff:2009cz,
author = {Cuff, A L and Sillitoe, I and Lewis, T and Redfern, O C and Garratt, R and Thornton, J and Orengo, C A},
title = {{The CATH classification revisited--architectures reviewed and new ways to characterize structural divergence in superfamilies}},
journal = {Nucleic Acids Research},
year = {2009},
volume = {37},
number = {Database},
pages = {D310--D314},
month = jan
}

@article{Naamati:2009eg,
author = {Naamati, Guy and Askenazi, Manor and Linial, Michal},
title = {{ClanTox: a classifier of short animal toxins.}},
journal = {Nucleic Acids Research},
year = {2009},
volume = {37},
number = {Web Server issue},
pages = {W363--8},
month = jul
}

@article{Tirosh:2012iq,
author = {Tirosh, Y and Morpurgo, N and Cohen, M and Linial, M and Bloch, G},
title = {{Raalin, a transcript enriched in the honey bee brain, is a remnant of genomic rearrangement in \emph{Hymenoptera}.}},
journal = {Insect molecular biology},
year = {2012},
volume = {21},
number = {3},
pages = {305--318},
month = jun
}

@article{Gibrat:1996uy,
author = {Gibrat, J F and Madej, T and Bryant, S H},
title = {{Surprising similarities in structure comparison.}},
journal = {Current Opinion in Structural Biology},
year = {1996},
volume = {6},
number = {3},
pages = {377--385},
month = jun
}

@article{McGuffin:2000wx,
author = {McGuffin, L J and Bryson, K and Jones, D T},
title = {{The PSIPRED protein structure prediction server}},
journal = {Bioinformatics},
year = {2000}
}

@article{Zhang:2009ku,
author = {Zhang, Ying and Thiele, Ines and Weekes, Dana and Li, Zhanwen and Jaroszewski, Lukasz and Ginalski, Krzysztof and Deacon, Ashley M and Wooley, John and Lesley, Scott A and Wilson, Ian A and Palsson, Bernhard and Osterman, Andrei and Godzik, Adam},
title = {{Three-dimensional structural view of the central metabolic network of Thermotoga maritima.}},
journal = {Science (New York, N.Y.)},
year = {2009},
volume = {325},
number = {5947},
pages = {1544--1549},
month = sep
}

@article{Holm:1996tv,
author = {Holm, L and Sander, C},
title = {{The FSSP database: fold classification based on structure-structure alignment of proteins.}},
journal = {Nucleic Acids Research},
year = {1996},
volume = {24},
number = {1},
pages = {206--209},
month = jan
}

@article{Tsai:1999we,
author = {Tsai, C J and Kumar, S and Ma, B and Nussinov, R},
title = {{Folding funnels, binding funnels, and protein function}},
journal = {Protein Science},
year = {1999}
}

@article{Dasgupta:2002wj,
author = {Dasgupta, N and Lin, S and Carin, L},
title = {{Sequential modeling for identifying CpG island locations in human genome}},
journal = {Signal Processing Letters},
year = {2002}
}

@article{Cowen:2002p588,
author = {Cowen, L and Bradley, P and Menke, M and King, J and Berger, B},
title = {{Predicting the beta-helix fold from protein sequence data}},
journal = {Journal of Computational Biology},
year = {2002},
volume = {9},
number = {2},
pages = {261--276}
}

@article{MacCallum:2011wx,
author = {MacCallum, J L and P{\'e}rez, A and Schnieders, M J},
title = {{Assessment of protein structure refinement in CASP9}},
journal = {Proteins: Structure, Function, and Bioinformatics},
year = {2011},
volume = {79},
number = {S10},
pages = {74--90}
}

@article{Moult:2011vd,
author = {Moult, J and Fidelis, K and Kryshtafovych, A},
title = {{Critical assessment of methods of protein structure prediction (CASP)---round IX}},
journal = {Proteins: Structure, Function, and Bioinformatics},
year = {2011},
volume = {79},
number = {S10},
pages = {74--90}
}

@article{Berbalk:2009tn,
author = {Berbalk, C and Schwaiger, C S and Lackner, P},
title = {{Accuracy analysis of multiple structure alignments}},
journal = {Protein Science},
year = {2009}
}

@article{Steward:2002bf,
author = {Steward, Robert E and Thornton, Janet M},
title = {{Prediction of strand pairing in antiparallel and parallel beta-sheets using information theory.}},
journal = {Proteins: Structure, Function, and Bioinformatics},
year = {2002},
volume = {48},
number = {2},
pages = {178--191},
month = aug
}

@article{Churchill:1989wj,
author = {Churchill, G A},
title = {{Stochastic models for heterogeneous DNA sequences}},
journal = {Bulletin of mathematical biology},
year = {1989}
}

@article{Dill:1997vn,
author = {Dill, K A and Chan, H S},
title = {{From Levinthal to pathways to funnels.}},
journal = {Nature structural biology},
year = {1997},
volume = {4},
number = {1},
pages = {10--19},
month = jan
}

@inproceedings{BornbergBauer:1999wu,
author = {Bornberg-Bauer, E and Chan, H S},
title = {{Modeling evolutionary landscapes: mutational stability, topology, and superfunnels in sequence space}},
booktitle = {Proceedings of the National {\ldots}},
year = {1999}
}

@article{Shatsky:2006hi,
author = {Shatsky, Maxim and Nussinov, Ruth and Wolfson, Haim J},
title = {{Optimization of multiple-sequence alignment based on multiple-structure alignment.}},
journal = {Proteins: Structure, Function, and Bioinformatics},
year = {2006},
volume = {62},
number = {1},
pages = {209--217},
month = jan
}

@article{Rost:2004ka,
author = {Rost, Burkhard and Yachdav, Guy and Liu, Jinfeng},
title = {{The PredictProtein server.}},
journal = {Nucleic Acids Research},
year = {2004},
volume = {32},
number = {Web Server issue},
pages = {W321--6},
month = jul
}

@article{Simonsen:2008wha,
author = {Simonsen, M and Mailund, T and Pedersen, C},
title = {{Rapid neighbour-joining}},
journal = {Algorithms in Bioinformatics},
year = {2008}
}

@article{White:1994ty,
author = {White, J V and Muchnik, I and Smith, T F},
title = {{Modeling protein cores with Markov random fields.}},
journal = {Mathematical biosciences},
year = {1994},
volume = {124},
number = {2},
pages = {149--179},
month = dec
}

@article{Rost:1999taa,
author = {Rost, B},
title = {{Twilight zone of protein sequence alignments.}},
journal = {Protein Engineering},
year = {1999},
volume = {12},
number = {2},
pages = {85--94},
month = feb
}

@article{Cheek:2004vw,
author = {Cheek, S and Qi, Y and Krishna, S S and Kinch, L N},
title = {{SCOPmap: automated assignment of protein structures to evolutionary superfamilies}},
journal = {BMC Bioinformatics},
year = {2004}
}

@article{Li:2012uj,
author = {Li, Weizhong and McWilliam, Hamish and Goujon, Mickael and Cowley, Andrew and Lopez, Rodrigo and Pearson, William R},
title = {{PSI-Search: iterative HOE-reduced profile SSEARCH searching}},
journal = {{\ldots}},
year = {2012}
}

@article{Daniels:2011dc,
author = {Daniels, Noah and Kumar, Anoop and Cowen, Lenore and Menke, Matt},
title = {{Touring Protein Space with Matt.}},
journal = {IEEE/ACM transactions on computational biology and bioinformatics / IEEE, ACM},
year = {2011},
month = apr
}

@article{Cai:2004io,
author = {Cai, Wei and Pei, Jimin and Grishin, Nick V},
title = {{BMC Evolutionary Biology | Full text | Reconstruction of ancestral protein sequences and its applications}},
journal = {BMC Evolutionary Biology},
year = {2004},
volume = {4},
number = {1},
pages = {33}
}

@article{WANG:1994jq,
author = {WANG, LUSHENG and JIANG, TAO},
title = {{On the Complexity of Multiple Sequence Alignment}},
journal = {Journal of Computational Biology},
year = {1994},
volume = {1},
number = {4},
pages = {337--348},
month = jan
}

@article{Holm:1998um,
author = {Holm, L and Sander, C},
title = {{Touring protein fold space with Dali/FSSP.}},
journal = {Nucleic Acids Research},
year = {1998},
volume = {26},
number = {1},
pages = {316--319},
month = jan
}

@webpage{McClure:1996uv,
author = {McClure, M A and Smith, C and Elton, P},
title = {{Parameterization studies for the SAM and HMMER methods of hidden Markov model generation.}},
year = {1996},
url = {http://eutils.ncbi.nlm.nih.gov/entrez/eutils/elink.fcgi?dbfrom=pubmed&id=8877515&retmode=ref&cmd=prlinks}
}

@article{Berger:1998vv,
author = {Berger, B and Leighton, T},
title = {{Protein folding in the hydrophobic-hydrophilic (HP) model is NP-complete}},
journal = {Journal of Computational Biology},
year = {1998}
}

@article{McGuffin:2002ke,
author = {McGuffin, Liam J and Jones, David T},
title = {{Targeting novel folds for structural genomics.}},
journal = {Proteins: Structure, Function, and Bioinformatics},
year = {2002},
volume = {48},
number = {1},
pages = {44--52},
month = jul
}

@inproceedings{Cao:2012ex,
author = {Cao, Mengfei and Cowen, Lenore J},
title = {{Remote homology detection on alpha-structural proteins using simulated evolution}},
booktitle = {BCB '12: Proceedings of the ACM Conference on Bioinformatics, Computational Biology and Biomedicine},
year = {2012},
publisher = { ACM  Request Permissions},
month = oct
}

@article{Gonzalez:2010uy,
author = {Gonzalez, Mileidy W and Pearson, William R},
title = {{Homologous over-extension: a challenge for iterative similarity searches}},
journal = {Nucleic Acids Research},
year = {2010}
}

@article{Kirkpatrick:1983wa,
author = {Kirkpatrick, S and Vecchi, M P},
title = {{Optimization by simmulated annealing}},
journal = {Science (New York, N.Y.)},
year = {1983}
}

@book{Pearl:1988wz,
author = {Pearl, Judea},
title = {{Probabilistic Reasoning in Intelligent Systems}},
publisher = {Morgan Kaufmann Pub},
year = {1988},
series = {Networks of Plausble Inference}
}

@article{JianzhuMa:2012cp,
author = {Jianzhu Ma, Jian Peng Sheng Wang Jinbo Xu},
title = {{A conditional neural fields model for protein threading}},
journal = {Bioinformatics},
year = {2012},
volume = {28},
number = {12},
pages = {i59},
month = jun
}

@article{Henikoff:1997ky,
author = {Henikoff, S and Henikoff, J G},
title = {{Embedding strategies for effective use of information from multiple sequence alignments.}},
journal = {Protein Science},
year = {1997},
volume = {6},
number = {3},
pages = {698--705},
month = mar
}

@article{Nabieva:2005bz,
author = {Nabieva, Elena and Jim, Kam and Agarwal, Amit and Chazelle, Bernard and Singh, Mona},
title = {{Whole-proteome prediction of protein function via graph-theoretic analysis of interaction maps.}},
journal = {Bioinformatics},
year = {2005},
volume = {21 Suppl 1},
pages = {i302--10},
month = jun
}

@article{Smyth:1997ty,
author = {Smyth, P and Heckerman, D and Jordan, M I},
title = {{Probabilistic independence networks for hidden Markov probability models.}},
journal = {Neural computation},
year = {1997},
volume = {9},
number = {2},
pages = {227--269},
month = feb
}

@article{Boratyn:2012er,
author = {Boratyn, Grzegorz M and Sch{\"a}ffer, Alejandro A and Agarwala, Richa and Altschul, Stephen F and Lipman, David J and Madden, Thomas L},
title = {{Domain enhanced lookup time accelerated BLAST.}},
journal = {Biology direct},
year = {2012},
volume = {7},
pages = {12}
}

@article{Soding:2005ff,
author = {S{\"o}ding, Johannes},
title = {{Protein homology detection by HMM-HMM comparison}},
journal = {Bioinformatics},
year = {2005},
volume = {21},
number = {7},
pages = {951--960},
month = mar
}

@article{Remmert:2012cj,
author = {Remmert, Michael and Biegert, Andreas and Hauser, Andreas and S{\"o}ding, Johannes},
title = {{HHblits: lightning-fast iterative protein sequence searching by HMM-HMM alignment.}},
journal = {Nature methods},
year = {2012},
volume = {9},
number = {2},
pages = {173--175},
month = feb
}

@inproceedings{Weiss:1999uu,
author = {Weiss, Y and Jordan, MI},
title = {{Loopy belief propagation for approximate inference: An empirical study}},
booktitle = {Proceedings of Uncertainty in AI},
year = {1999}
}

@article{Hachiya:2009jv,
author = {Hachiya, T and Osana, Y and Popendorf, K and Sakakibara, Y},
title = {{Accurate identification of orthologous segments among multiple genomes}},
journal = {Bioinformatics},
year = {2009},
volume = {25},
number = {7},
pages = {853--860},
month = mar
}

@article{Chen:2007kk,
author = {Chen, Feng and Mackey, Aaron J and Vermunt, Jeroen K and Roos, David S},
title = {{Assessing Performance of Orthology Detection Strategies Applied to Eukaryotic Genomes}},
journal = {PloS one},
year = {2007},
volume = {2},
number = {4},
pages = {e383},
month = apr
}

@article{MorenoHagelsieb:2008ck,
author = {Moreno-Hagelsieb, G and Latimer, K},
title = {{Choosing BLAST options for better detection of orthologs as reciprocal best hits}},
journal = {Bioinformatics},
year = {2008},
volume = {24},
number = {3},
pages = {319--324},
month = jan
}

@article{Holland:1977hl,
author = {Holland, John H and Reitman, Judith S},
title = {{Cognitive systems based on adaptive algorithms}},
journal = {ACM SIGART Bulletin},
year = {1977},
number = {63},
pages = {49},
month = jun
}

@article{BudowskiTal:2010gp,
author = {Budowski-Tal, Inbal and Nov, Yuval and Kolodny, Rachel},
title = {{FragBag, an accurate representation of protein structure, retrieves structural neighbors from the entire PDB quickly and accurately.}},
journal = {Proceedings of the National Academy of Science},
year = {2010},
volume = {107},
number = {8},
pages = {3481--3486},
month = feb
}

@webpage{Anonymous:RHgG8chi,
title = {{How and when should interactome-derived clusters be used to predict functional modules and protein function?}},
url = {http://bioinformatics.oxfordjournals.org/content/25/23/3143.full.pdf+html}
}

@article{Heun:1999wr,
author = {Heun, V},
title = {{Approximate protein folding in the HP side chain model on extended cubic lattices}},
journal = {Algorithms-ESA'99},
year = {1999}
}

@article{Viterbi:1967hq,
author = {Viterbi, A},
title = {{Error bounds for convolutional codes and an asymptotically optimum decoding algorithm}},
journal = {IEEE Transactions on Information Theory},
year = {1967},
volume = {13},
number = {2},
pages = {260--269},
month = apr
}

@article{Pethica:2012ds,
author = {Pethica, Ralph B and Levitt, Michael and Gough, Julian},
title = {{Evolutionarily consistent families in SCOP: sequence, structure and function}},
journal = {BMC Structural Biology},
year = {2012},
volume = {12},
number = {1},
pages = {27}
}

@article{Berman:2000hl,
author = {Berman, H M and Bhat, T N and Bourne, P E and Feng, Z and Gilliland, G and Weissig, H and Westbrook, J},
title = {{The Protein Data Bank and the challenge of structural genomics.}},
journal = {Nature structural biology},
year = {2000},
volume = {7 Suppl},
pages = {957--959},
month = nov
}

@article{Holm:2000vh,
author = {Holm, L and Park, J},
title = {{DaliLite workbench for protein structure comparison.}},
journal = {Bioinformatics},
year = {2000},
volume = {16},
number = {6},
pages = {566--567},
month = jun
}

@article{Lathrop:1996gm,
author = {Lathrop, R H and Smith, T F},
title = {{Global optimum protein threading with gapped alignment and empirical pair score functions.}},
journal = {Journal of Molecular Biology},
year = {1996},
volume = {255},
number = {4},
pages = {641--665},
month = feb
}

@article{Moult:2006tn,
author = {Moult, J},
title = {{Rigorous performance evaluation in protein structure modelling and implications for computational biology}},
journal = {Transactions of the Royal Society: Biological Sciences},
year = {2006}
}

@article{Chi:2006bh,
author = {Chi, Pin-Hao and Shyu, Chi-Ren and Xu, Dong},
title = {{A fast SCOP fold classification system using content-based E-Predict algorithm.}},
journal = {BMC Bioinformatics},
year = {2006},
volume = {7},
pages = {362}
}

@article{Zemla:2007ds,
author = {Zemla, Adam and Geisbrecht, Brian and Smith, Jason and Lam, Marisa and Kirkpatrick, Bonnie and Wagner, Mark and Slezak, Tom and Zhou, Carol Ecale},
title = {{STRALCP--structure alignment-based clustering of proteins.}},
journal = {Nucleic Acids Research},
year = {2007},
volume = {35},
number = {22},
pages = {e150}
}

@book{Durbin:1998wz,
author = {Durbin, Richard and Eddy, Sean R and Krogh, Anders and Mitchison, Graeme},
title = {{Biological Sequence Analysis: Probabilistic Models of Proteins and Nucleic Acids}},
publisher = {Cambridge University Press},
year = {1998},
month = may
}

@book{Wang:2012es,
author = {Wang, Hua and Huang, Heng and Ding, Chris},
editor = {Hutchison, David and Kanade, Takeo and Kittler, Josef and Kleinberg, Jon M and Mattern, Friedemann and Mitchell, John C and Naor, Moni and Nierstrasz, Oscar and Pandu Rangan, C and Steffen, Bernhard and Sudan, Madhu and Terzopoulos, Demetri and Tygar, Doug and Vardi, Moshe Y and Weikum, Gerhard and Chor, Benny},
title = {{Function-Function Correlated Multi-Label Protein Function Prediction over Interaction Networks}},
publisher = {Springer Berlin Heidelberg},
year = {2012},
volume = {7262},
series = {DavidHutchisonTakeoKanadeJosefKittlerJon M.KleinbergFriedemannMatternJohn C.MitchellMoniNaorOscarNierstraszC.Pandu RanganBernhardSteffenMadhuSudanDemetriTerzopoulosDougTygarMoshe Y.VardiGerhardWeikumLecture Notes in Computer Science0302-97431611-3349},
address = {Berlin, Heidelberg}
}

@article{DunbrackJr:2006dx,
author = {Dunbrack, Jr, Roland L},
title = {{Sequence comparison and protein structure prediction}},
journal = {Current Opinion in Structural Biology},
year = {2006},
volume = {16},
number = {3},
pages = {374--384},
month = jun
}

@article{Lander:2001hk,
author = {Lander, Eric S and Linton, Lauren M and Birren, Bruce and Nusbaum, Chad and Zody, Michael C and Baldwin, Jennifer and Devon, Keri and Dewar, Ken and Doyle, Michael and FitzHugh, William and Funke, Roel and Gage, Diane and Harris, Katrina and Heaford, Andrew and Howland, John and Kann, Lisa and Lehoczky, Jessica and LeVine, Rosie and McEwan, Paul and McKernan, Kevin and Meldrim, James and Mesirov, Jill P and Miranda, Cher and Morris, William and Naylor, Jerome and Raymond, Christina and Rosetti, Mark and Santos, Ralph and Sheridan, Andrew and Sougnez, Carrie and Stange-Thomann, Nicole and Stojanovic, Nikola and Subramanian, Aravind and Wyman, Dudley and Rogers, Jane and Sulston, John and Ainscough, Rachael and Beck, Stephan and Bentley, David and Burton, John and Clee, Christopher and Carter, Nigel and Coulson, Alan and Deadman, Rebecca and Deloukas, Panos and Dunham, Andrew and Dunham, Ian and Durbin, Richard and French, Lisa and Grafham, Darren and Gregory, Simon and Hubbard, Tim and Humphray, Sean and Hunt, Adrienne and Jones, Matthew and Lloyd, Christine and McMurray, Amanda and Matthews, Lucy and Mercer, Simon and Milne, Sarah and Mullikin, James C and Mungall, Andrew and Plumb, Robert and Ross, Mark and Shownkeen, Ratna and Sims, Sarah and Waterston, Robert H and Wilson, Richard K and Hillier, LaDeana W and McPherson, John D and Marra, Marco A and Mardis, Elaine R and Fulton, Lucinda A and Chinwalla, Asif T and Pepin, Kymberlie H and Gish, Warren R and Chissoe, Stephanie L and Wendl, Michael C and Delehaunty, Kim D and Miner, Tracie L and Delehaunty, Andrew and Kramer, Jason B and Cook, Lisa L and Fulton, Robert S and Johnson, Douglas L and Minx, Patrick J and Clifton, Sandra W and Hawkins, Trevor and Branscomb, Elbert and Predki, Paul and Richardson, Paul and Wenning, Sarah and Slezak, Tom and Doggett, Norman and Cheng, Jan-Fang and Olsen, Anne and Lucas, Susan and Elkin, Christopher and Uberbacher, Edward and Frazier, Marvin and Gibbs, Richard A and Muzny, Donna M and Scherer, Steven E and Bouck, John B and Sodergren, Erica J and Worley, Kim C and Rives, Catherine M and Gorrell, James H and Metzker, Michael L and Naylor, Susan L and Kucherlapati, Raju S and Nelson, David L and Weinstock, George M and Sakaki, Yoshiyuki and Fujiyama, Asao and Hattori, Masahira and Yada, Tetsushi and Toyoda, Atsushi and Itoh, Takehiko and Kawagoe, Chiharu and Watanabe, Hidemi and Totoki, Yasushi and Taylor, Todd and Weissenbach, Jean and Heilig, Roland and Saurin, William and Artiguenave, Francois and Brottier, Philippe and Bruls, Thomas and Pelletier, Eric and Robert, Catherine and Wincker, Patrick and Smith, Douglas R and Doucette-Stamm, Lynn and Rubenfield, Marc and Weinstock, Keith and Lee, Hong Mei and Dubois, JoAnn and Rosenthal, Andr{\'e} and Platzer, Matthias and Nyakatura, Gerald and Taudien, Stefan and Rump, Andreas and Yang, Huanming and Yu, Jun and Wang, Jian and Huang, Guyang and Gu, Jun and Hood, Leroy and Rowen, Lee and Madan, Anup and Qin, Shizen and Davis, Ronald W and Federspiel, Nancy A and Abola, A Pia and Proctor, Michael J and Myers, Richard M and Schmutz, Jeremy and Dickson, Mark and Grimwood, Jane and Cox, David R and Olson, Maynard V and Kaul, Rajinder and Raymond, Christopher and Shimizu, Nobuyoshi and Kawasaki, Kazuhiko and Minoshima, Shinsei and Evans, Glen A and Athanasiou, Maria and Schultz, Roger and Roe, Bruce A and Chen, Feng and Pan, Huaqin and Ramser, Juliane and Lehrach, Hans and Reinhardt, Richard and McCombie, W Richard and de la Bastide, Melissa and Dedhia, Neilay and Bl{\"o}cker, Helmut and Hornischer, Klaus and Nordsiek, Gabriele and Agarwala, Richa and Aravind, L and Bailey, Jeffrey A and Bateman, Alex and Batzoglou, Serafim and Birney, Ewan and Bork, Peer and Brown, Daniel G and Burge, Christopher B and Cerutti, Lorenzo and Chen, Hsiu-Chuan and Church, Deanna and Clamp, Michele and Copley, Richard R and Doerks, Tobias and Eddy, Sean R and Eichler, Evan E and Furey, Terrence S and Galagan, James and Gilbert, James G R and Harmon, Cyrus and Hayashizaki, Yoshihide and Haussler, David and Hermjakob, Henning and Hokamp, Karsten and Jang, Wonhee and Johnson, L Steven and Jones, Thomas A and Kasif, Simon and Kaspryzk, Arek and Kennedy, Scot and Kent, W James and Kitts, Paul and Koonin, Eugene V and Korf, Ian and Kulp, David and Lancet, Doron and Lowe, Todd M and McLysaght, Aoife and Mikkelsen, Tarjei and Moran, John V and Mulder, Nicola and Pollara, Victor J and Ponting, Chris P and Schuler, Greg and Schultz, J{\"o}rg and Slater, Guy and Smit, Arian F A and Stupka, Elia and Szustakowki, Joseph and Thierry-Mieg, Danielle and Thierry-Mieg, Jean and Wagner, Lukas and Wallis, John and Wheeler, Raymond and Williams, Alan and Wolf, Yuri I and Wo...},
title = {{Initial sequencing and analysis of the human genome}},
journal = {Nature},
year = {2001},
volume = {409},
number = {6822},
pages = {860--921},
month = feb
}

@article{Krogh:1994hv,
author = {Krogh, Anders and Brown, Michael and Mian, I Saira and Sj{\"o}lander, Kimmen and Haussler, David},
title = {{Hidden Markov Models in Computational Biology}},
journal = {Journal of Molecular Biology},
year = {1994},
volume = {235},
number = {5},
pages = {1501--1531},
month = feb
}

@article{Venter:2001fq,
author = {Venter, J C and Adams, M D and Myers, E W and Li, P W and Mural, R J and Sutton, G G and Smith, H O and Yandell, M and Evans, C A and Holt, R A and Gocayne, J D and Amanatides, P and Ballew, R M and Huson, D H and Wortman, J R and Zhang, Q and Kodira, C D and Zheng, X H and Chen, L and Skupski, M and Subramanian, G and Thomas, P D and Zhang, J and Gabor Miklos, G L and Nelson, C and Broder, S and Clark, A G and Nadeau, J and McKusick, V A and Zinder, N and Levine, A J and Roberts, R J and Simon, M and Slayman, C and Hunkapiller, M and Bolanos, R and Delcher, A and Dew, I and Fasulo, D and Flanigan, M and Florea, L and Halpern, A and Hannenhalli, S and Kravitz, S and Levy, S and Mobarry, C and Reinert, K and Remington, K and Abu-Threideh, J and Beasley, E and Biddick, K and Bonazzi, V and Brandon, R and Cargill, M and Chandramouliswaran, I and Charlab, R and Chaturvedi, K and Deng, Z and Di Francesco, V and Dunn, P and Eilbeck, K and Evangelista, C and Gabrielian, A E and Gan, W and Ge, W and Gong, F and Gu, Z and Guan, P and Heiman, T J and Higgins, M E and Ji, R R and Ke, Z and Ketchum, K A and Lai, Z and Lei, Y and Li, Z and Li, J and Liang, Y and Lin, X and Lu, F and Merkulov, G V and Milshina, N and Moore, H M and Naik, A K and Narayan, V A and Neelam, B and Nusskern, D and Rusch, D B and Salzberg, S and Shao, W and Shue, B and Sun, J and Wang, Z and Wang, A and Wang, X and Wang, J and Wei, M and Wides, R and Xiao, C and Yan, C and Yao, A and Ye, J and Zhan, M and Zhang, W and Zhang, H and Zhao, Q and Zheng, L and Zhong, F and Zhong, W and Zhu, S and Zhao, S and Gilbert, D and Baumhueter, S and Spier, G and Carter, C and Cravchik, A and Woodage, T and Ali, F and An, H and Awe, A and Baldwin, D and Baden, H and Barnstead, M and Barrow, I and Beeson, K and Busam, D and Carver, A and Center, A and Cheng, M L and Curry, L and Danaher, S and Davenport, L and Desilets, R and Dietz, S and Dodson, K and Doup, L and Ferriera, S and Garg, N and Gluecksmann, A and Hart, B and Haynes, J and Haynes, C and Heiner, C and Hladun, S and Hostin, D and Houck, J and Howland, T and Ibegwam, C and Johnson, J and Kalush, F and Kline, L and Koduru, S and Love, A and Mann, F and May, D and McCawley, S and McIntosh, T and McMullen, I and Moy, M and Moy, L and Murphy, B and Nelson, K and Pfannkoch, C and Pratts, E and Puri, V and Qureshi, H and Reardon, M and Rodriguez, R and Rogers, Y H and Romblad, D and Ruhfel, B and Scott, R and Sitter, C and Smallwood, M and Stewart, E and Strong, R and Suh, E and Thomas, R and Tint, N N and Tse, S and Vech, C and Wang, G and Wetter, J and Williams, S and Williams, M and Windsor, S and Winn-Deen, E and Wolfe, K and Zaveri, J and Zaveri, K and Abril, J F and Guig{\'o}, R and Campbell, M J and Sjolander, K V and Karlak, B and Kejariwal, A and Mi, H and Lazareva, B and Hatton, T and Narechania, A and Diemer, K and Muruganujan, A and Guo, N and Sato, S and Bafna, V and Istrail, S and Lippert, R and Schwartz, R and Walenz, B and Yooseph, S and Allen, D and Basu, A and Baxendale, J and Blick, L and Caminha, M and Carnes-Stine, J and Caulk, P and Chiang, Y H and Coyne, M and Dahlke, C and Mays, A and Dombroski, M and Donnelly, M and Ely, D and Esparham, S and Fosler, C and Gire, H and Glanowski, S and Glasser, K and Glodek, A and Gorokhov, M and Graham, K and Gropman, B and Harris, M and Heil, J and Henderson, S and Hoover, J and Jennings, D and Jordan, C and Jordan, J and Kasha, J and Kagan, L and Kraft, C and Levitsky, A and Lewis, M and Liu, X and Lopez, J and Ma, D and Majoros, W and McDaniel, J and Murphy, S and Newman, M and Nguyen, T and Nguyen, N and Nodell, M and Pan, S and Peck, J and Peterson, M and Rowe, W and Sanders, R and Scott, J and Simpson, M and Smith, T and Sprague, A and Stockwell, T and Turner, R and Venter, E and Wang, M and Wen, M and Wu, D and Wu, M and Xia, A and Zandieh, A and Zhu, X},
title = {{The sequence of the human genome.}},
journal = {Science (New York, N.Y.)},
year = {2001},
volume = {291},
number = {5507},
pages = {1304--1351},
month = feb
}

@article{VanWalle:2005wp,
author = {Van Walle, I and Lasters, I and Wyns, L},
title = {{SABmark---a benchmark for sequence alignment that covers the entire known fold space}},
journal = {Bioinformatics},
year = {2005}
}

@article{Henikoff:1992tk,
author = {Henikoff, S and Henikoff, J G},
title = {{Amino acid substitution matrices from protein blocks.}},
journal = {Proceedings of the National Academy of Science},
year = {1992},
volume = {89},
number = {22},
pages = {10915--10919},
month = nov
}

@article{Chen:2002vm,
author = {Chen, Xin and Li, Ming and Ma, Bin and Tromp, John},
title = {{DNACompress: fast and effective DNA sequence compression.}},
journal = {Bioinformatics},
year = {2002},
volume = {18},
number = {12},
pages = {1696--1698},
month = dec
}

@article{Loh:2012br,
author = {Loh, Po-Ru and Baym, Michael and Berger, Bonnie},
title = {{Compressive genomics.}},
journal = {Nature biotechnology},
year = {2012},
volume = {30},
number = {7},
pages = {627--630},
month = jul
}

@article{Schatz:2010js,
author = {Schatz, Michael C and Langmead, Ben and Salzberg, Steven L},
title = {{Cloud computing and the DNA data race.}},
journal = {Nature biotechnology},
year = {2010},
volume = {28},
number = {7},
pages = {691--693},
month = jul
}

@article{Veretnik:2004bn,
author = {Veretnik, Stella and Bourne, Philip E and Alexandrov, Nickolai N and Shindyalov, Ilya N},
title = {{Toward consistent assignment of structural domains in proteins.}},
journal = {Journal of Molecular Biology},
year = {2004},
volume = {339},
number = {3},
pages = {647--678},
month = jun
}

@article{Huttenhower:2010hu,
author = {Huttenhower, Curtis and Hofmann, Oliver},
title = {{A quick guide to large-scale genomic data mining.}},
journal = {PLoS Computational Biology},
year = {2010},
volume = {6},
number = {5},
pages = {e1000779},
month = may
}

@article{Gross:2011gg,
author = {Gross, Michael},
title = {{Riding the wave of biological data.}},
journal = {Current biology : CB},
year = {2011},
volume = {21},
number = {6},
pages = {R204--6},
month = mar
}

@article{Andreeva:2004ic,
author = {Andreeva, Antonina and Howorth, Dave and Brenner, Steven E and Hubbard, Tim J P and Chothia, Cyrus and Murzin, Alexey G},
title = {{SCOP database in 2004: refinements integrate structure and sequence family data.}},
journal = {Nucleic Acids Research},
year = {2004},
volume = {32},
number = {Database issue},
pages = {D226--9},
month = jan
}

@article{Kahn:2011jr,
author = {Kahn, Scott D},
title = {{On the future of genomic data.}},
journal = {Science (New York, N.Y.)},
year = {2011},
volume = {331},
number = {6018},
pages = {728--729},
month = feb
}

@article{Kircher:2010jq,
author = {Kircher, Martin and Kelso, Janet},
title = {{High-throughput DNA sequencing--concepts and limitations.}},
journal = {BioEssays : news and reviews in molecular, cellular and developmental biology},
year = {2010},
volume = {32},
number = {6},
pages = {524--536},
month = jun
}

@article{Orengo:1997vy,
author = {Orengo, C A and Michie, A D and Jones, S and Jones, D T and Swindells, M B and Thornton, J M},
title = {{CATH--a hierarchic classification of protein domain structures.}},
journal = {Structure},
year = {1997},
volume = {5},
number = {8},
pages = {1093--1108},
month = aug
}

@article{Pearl:2003wb,
author = {Pearl, F M G and Bennett, C F and Bray, J E and Harrison, A P and Martin, N and Shepherd, A and Sillitoe, I and Thornton, J and Orengo, C A},
title = {{The CATH database: an extended protein family resource for structural and functional genomics.}},
journal = {Nucleic Acids Research},
year = {2003},
volume = {31},
number = {1},
pages = {452--455},
month = jan
}

@article{Greene:2007iu,
author = {Greene, Lesley H and Lewis, Tony E and Addou, Sarah and Cuff, Alison and Dallman, Tim and Dibley, Mark and Redfern, Oliver and Pearl, Frances and Nambudiry, Rekha and Reid, Adam and Sillitoe, Ian and Yeats, Corin and Thornton, Janet M and Orengo, Christine A},
title = {{The CATH domain structure database: new protocols and classification levels give a more comprehensive resource for exploring evolution.}},
journal = {Nucleic Acids Research},
year = {2007},
volume = {35},
number = {Database issue},
pages = {D291--7},
month = jan
}

@article{Smith:1981wd,
author = {Smith, T F and Waterman, M S},
title = {{Comparison of biosequences}},
journal = {Adv Appl Math},
year = {1981}
}

@article{Getz:2002we,
author = {Getz, Gad and Vendruscolo, Michele and Sachs, David and Domany, Eytan},
title = {{Automated assignment of SCOP and CATH protein structure classifications from FSSP scores.}},
journal = {Proteins: Structure, Function, and Bioinformatics},
year = {2002},
volume = {46},
number = {4},
pages = {405--415},
month = mar
}

@article{Brandon:2009ie,
author = {Brandon, Marty C and Wallace, Douglas C and Baldi, Pierre},
title = {{Data structures and compression algorithms for genomic sequence data.}},
journal = {Bioinformatics},
year = {2009},
volume = {25},
number = {14},
pages = {1731--1738},
month = jul
}

@article{Altschul:1990dw,
author = {Altschul, S F and Gish, W and Miller, W and Myers, E W and Lipman, D J},
title = {{Basic local alignment search tool.}},
journal = {Journal of Molecular Biology},
year = {1990},
volume = {215},
number = {3},
pages = {403--410},
month = oct
}

@article{Elofsson:1999tj,
author = {Elofsson, A and Sonnhammer, E L},
title = {{A comparison of sequence and structure protein domain families as a basis for structural genomics.}},
journal = {Bioinformatics},
year = {1999},
volume = {15},
number = {6},
pages = {480--500},
month = jun
}

@article{Soding:2005fa,
author = {S{\"o}ding, Johannes and Biegert, Andreas and Lupas, Andrei N},
title = {{The HHpred interactive server for protein homology detection and structure prediction.}},
journal = {Nucleic Acids Research},
year = {2005},
volume = {33},
number = {Web Server issue},
pages = {W244--8},
month = jul
}

@article{Wistrand:2004ia,
author = {Wistrand, Markus and Sonnhammer, Erik L L},
title = {{Improving profile HMM discrimination by adapting transition probabilities.}},
journal = {Journal of Molecular Biology},
year = {2004},
volume = {338},
number = {4},
pages = {847--854},
month = may
}

@inproceedings{Davis:1991vx,
author = {Davis, L},
title = {{Bit-climbing, representational bias, and test suite design}},
booktitle = {Proceedings of the Fourth International Conference on Genetic Algorithms},
year = {1991},
editor = {Belew, R K and Booker, L B},
pages = {18--23},
address = {San Mateo, CA}
}

@article{Smith:1981up,
author = {Smith, T F and Waterman, M S},
title = {{Identification of common molecular subsequences.}},
journal = {Journal of Molecular Biology},
year = {1981},
volume = {147},
number = {1},
pages = {195--197},
month = mar
}

@article{MarchlerBauer:2005uv,
author = {Marchler-Bauer, A and Anderson, J B},
title = {{CDD: a Conserved Domain Database for protein classification}},
journal = {Nucleic Acids Research},
year = {2005}
}

@article{Shindyalov:2000wg,
author = {Shindyalov, I N and Bourne, P E},
title = {{An alternative view of protein fold space}},
journal = {Proteins: Structure, Function, and Bioinformatics},
year = {2000}
}

@article{Tatusov:2000tu,
author = {Tatusov, R L and Galperin, M Y and Natale, D A},
title = {{The COG database: a tool for genome-scale analysis of protein functions and evolution}},
journal = {Nucleic Acids Research},
year = {2000}
}

@article{Finn:2006ez,
author = {Finn, Robert D and Mistry, Jaina and Schuster-B{\"o}ckler, Benjamin and Griffiths-Jones, Sam and Hollich, Volker and Lassmann, Timo and Moxon, Simon and Marshall, Mhairi and Khanna, Ajay and Durbin, Richard and Eddy, Sean R and Sonnhammer, Erik L L and Bateman, Alex},
title = {{Pfam: clans, web tools and services.}},
journal = {Nucleic Acids Research},
year = {2006},
volume = {34},
number = {Database issue},
pages = {D247--51},
month = jan
}

@article{Altschul:1997tl,
author = {Altschul, S F and Madden, T L and Sch{\"a}ffer, A A and Zhang, J and Zhang, Z and Miller, W and Lipman, D J},
title = {{Gapped BLAST and PSI-BLAST: a new generation of protein database search programs.}},
journal = {Nucleic Acids Research},
year = {1997},
volume = {25},
number = {17},
pages = {3389--3402},
month = sep
}

@article{Thomas:2008uw,
author = {Thomas, J and Ramakrishnan, N and Bailey-Kellogg, C},
title = {{Graphical models of residue coupling in protein families}},
journal = {IEEE/ACM transactions on computational biology and bioinformatics / IEEE, ACM},
year = {2008}
}

@article{Holland:2006wi,
author = {Holland, T A and Veretnik, S and Shindyalov, I N},
title = {{Partitioning protein structures into domains: why is it so difficult?}},
journal = {Journal of Molecular Biology},
year = {2006}
}

@article{Hulo:2006du,
author = {Hulo, Nicolas and Bairoch, Amos and Bulliard, Virginie and Cerutti, Lorenzo and De Castro, Edouard and Langendijk-Genevaux, Petra S and Pagni, Marco and Sigrist, Christian J A},
title = {{The PROSITE database.}},
journal = {Nucleic Acids Research},
year = {2006},
volume = {34},
number = {Database issue},
pages = {D227--30},
month = jan
}

@article{Gopalakrishnan:2009wx,
author = {Gopalakrishnan, V and Weigele, P},
title = {{Conditional graphical models for protein structural motif recognition}},
journal = {Journal of Computational Biology},
year = {2009}
}

@article{Stratton:2008vo,
author = {Stratton, M},
title = {{Genome resequencing and genetic variation}},
journal = {Nature biotechnology},
year = {2008}
}

@article{Wilson:2007cm,
author = {Wilson, Derek and Madera, Martin and Vogel, Christine and Chothia, Cyrus and Gough, Julian},
title = {{The SUPERFAMILY database in 2007: families and functions.}},
journal = {Nucleic Acids Research},
year = {2007},
volume = {35},
number = {Database issue},
pages = {D308--13},
month = jan
}

@inproceedings{Shaw:2007cr,
author = {Shaw, David E and Deneroff, Martin M and Dror, Ron O and Kuskin, Jeffrey S and Larson, Richard H and Salmon, John K and Young, Cliff and Batson, Brannon and Bowers, Kevin J and Chao, Jack C and Eastwood, Michael P and Gagliardo, Joseph and Grossman, J P and Ho, C Richard and Ierardi, Douglas J and Kolossv{\'a}ry, Istv{\'a}n and Klepeis, John L and Layman, Timothy and McLeavey, Christine and Moraes, Mark A and Mueller, Rolf and Priest, Edward C and Shan, Yibing and Spengler, Jochen and Theobald, Michael and Towles, Brian and Wang, Stanley C},
title = {{Anton, a special-purpose machine for molecular dynamics simulation}},
booktitle = {ISCA '07: Proceedings of the 34th annual international symposium on Computer architecture},
year = {2007},
publisher = { ACM  Request Permissions},
month = jun
}

@article{Dalal:1997wl,
author = {Dalal, S and Balasubramanian, S and Regan, L},
title = {{Protein alchemy: changing beta-sheet into alpha-helix.}},
journal = {Nature structural biology},
year = {1997},
volume = {4},
number = {7},
pages = {548--552},
month = jul
}

@article{Sam:2006te,
author = {Sam, V and Tai, C H and Garnier, J and Gibrat, J F and Lee, B},
title = {{ROC and confusion analysis of structure comparison methods identify the main causes of divergence from manual protein classification}},
journal = {BMC Bioinformatics},
year = {2006}
}

@article{Shindyalov:1998wn,
author = {Shindyalov, I N and Bourne, P E},
title = {{Protein structure alignment by incremental combinatorial extension (CE) of the optimal path.}},
journal = {Protein Engineering},
year = {1998}
}

@article{Kent:2002jd,
author = {Kent, W James},
title = {{BLAT--the BLAST-like alignment tool.}},
journal = {Genome research},
year = {2002},
volume = {12},
number = {4},
pages = {656--664},
month = apr
}

@article{Hughey:1996ub,
author = {Hughey, R and Krogh, A},
title = {{Hidden Markov models for sequence analysis: extension and analysis of the basic method.}},
journal = {Computer applications in the biosciences : CABIOS},
year = {1996},
volume = {12},
number = {2},
pages = {95--107},
month = apr
}

@article{Suhrer:2007hg,
author = {Suhrer, Stefan J and Wiederstein, Markus and Sippl, Manfred J},
title = {{QSCOP--SCOP quantified by structural relationships.}},
journal = {Bioinformatics},
year = {2007},
volume = {23},
number = {4},
pages = {513--514},
month = feb
}

@article{Peng:2011vk,
author = {Peng, J and Xu, J},
title = {{A multipleâtemplate approach to protein threading}},
journal = {Proteins: Structure, Function, and Bioinformatics},
year = {2011}
}

@article{Ortiz:2009wx,
author = {Ortiz, A R and Strauss, CEM and Olmea, O},
title = {{MAMMOTH (matching molecular models obtained from theory): an automated method for model comparison}},
journal = {Protein Science},
year = {2009}
}

@article{Griesemer:2009wu,
author = {Griesemer, Robert and Pike, Rob and Thompson, Ken},
title = {{The Go Programming Language}},
year = {2009}
}

@article{Vuk:2006wv,
author = {Vuk, M and Curk, T},
title = {{ROC curve, lift chart and calibration plot}},
journal = {Metodoloski zvezki},
year = {2006}
}

@article{Singh:2008cp,
author = {Singh, R and Xu, J and Berger, B},
title = {{Global alignment of multiple protein interaction networks with application to functional orthology detection}},
journal = {Proceedings of the National Academy of Science},
year = {2008},
volume = {105},
number = {35},
pages = {12763--12768},
month = sep
}

@article{Harrison:2002wv,
author = {Harrison, Andrew and Pearl, Frances and Mott, Richard and Thornton, Janet and Orengo, Christine},
title = {{Quantifying the similarities within fold space.}},
journal = {Journal of Molecular Biology},
year = {2002},
volume = {323},
number = {5},
pages = {909--926},
month = nov
}

@article{Grumbach:1994tq,
author = {Grumbach, S and Tahi, F},
title = {{A new challenge for compression algorithms: genetic sequences}},
journal = {Information Processing {\&} Management},
year = {1994}
}

@article{Jones:1992wx,
author = {Jones, D T and Taylort, W R and Thornton, J M},
title = {{A new approach to protein fold recognition}},
journal = {Nature},
year = {1992}
}

@article{Zhang:2005do,
author = {Zhang, Yang and Skolnick, Jeffrey},
title = {{TM-align: a protein structure alignment algorithm based on the TM-score.}},
journal = {Nucleic Acids Research},
year = {2005},
volume = {33},
number = {7},
pages = {2302--2309}
}

@article{Pearson:1990wb,
author = {Pearson, W R},
title = {{Rapid and sensitive sequence comparison with FASTP and FASTA.}},
journal = {Methods in enzymology},
year = {1990}
}

@article{Sonego:2008uy,
author = {Sonego, Paolo and Kocsor, Andr{\'a}s and Pongor, S{\'a}ndor},
title = {{ROC analysis: applications to the classification of biological sequences and 3D structures.}},
journal = {Briefings in bioinformatics},
year = {2008},
volume = {9},
number = {3},
pages = {198--209},
month = may
}

@inproceedings{Wang:2012wq,
author = {Wang, Shen},
title = {{\emph{Protein structure alignment beyond spatial proximity}}},
booktitle = {Protein structure alignment beyond spatial proximity},
year = {2012},
address = {Long Beach, CA},
month = jul
}

@article{Jayachandran:2006ur,
author = {Jayachandran, G and Vishal, V and Pande, V S},
title = {{Using massively parallel simulation and Markovian models to study protein folding: Examining the dynamics of the villin headpiece}},
journal = {The Journal of chemical physics},
year = {2006}
}

@article{Kabsch:1976tp,
author = {Kabsch, W},
title = {{A solution for the best rotation to relate two sets of vectors}},
journal = {Acta Crystallographica Section A: Crystal Physics},
year = {1976}
}

@article{Christley:2009vd,
author = {Christley, S and Lu, Y and Li, C and Xie, X},
title = {{Human genomes as email attachments}},
journal = {Bioinformatics},
year = {2009}
}

@article{Needleman:1970gm,
author = {Needleman, Saul B and Wunsch, Christian D},
title = {{A general method applicable to the search for similarities in the amino acid sequence of two proteins}},
journal = {Journal of Molecular Biology},
year = {1970},
volume = {48},
number = {3},
pages = {443--453},
month = mar
}

@article{Huber:1986ws,
author = {Huber, R and Langworthy, T A and K{\"o}nig, H and Thomm, M},
title = {{\emph{Thermotoga maritima} sp. nov. represents a new genus of unique extremely thermophilic eubacteria growing up to 90 C}},
journal = {Archives of Microbiology},
year = {1986},
volume = {144},
pages = {324--333}
}

@article{Jones:1999im,
author = {Jones, D T},
title = {{GenTHREADER: an efficient and reliable protein fold recognition method for genomic sequences.}},
journal = {Journal of Molecular Biology},
year = {1999},
volume = {287},
number = {4},
pages = {797--815},
month = apr
}

@article{Daniels:2012jr,
author = {Daniels, Noah M and Nadimpalli, Shilpa and Cowen, Lenore J},
title = {{Formatt: Correcting protein multiple structural alignments by incorporating sequence alignment.}},
journal = {BMC Bioinformatics},
year = {2012},
volume = {13},
number = {1},
pages = {259}
}

@article{Kosloff:2008gk,
author = {Kosloff, Mickey and Kolodny, Rachel},
title = {{Sequence-similar, structure-dissimilar protein pairs in the PDB.}},
journal = {Proteins: Structure, Function, and Bioinformatics},
year = {2008},
volume = {71},
number = {2},
pages = {891--902},
month = may
}

@article{Mizuguchi:1998fp,
author = {Mizuguchi, K and Deane, C M and Blundell, T L and Overington, J P},
title = {{HOMSTRAD: a database of protein structure alignments for homologous families.}},
journal = {Protein Science},
year = {1998},
volume = {7},
number = {11},
pages = {2469--2471},
month = nov
}

@article{Cherry:2012kb,
author = {Cherry, J Michael and Hong, Eurie L and Amundsen, Craig and Balakrishnan, Rama and Binkley, Gail and Chan, Esther T and Christie, Karen R and Costanzo, Maria C and Dwight, Selina S and Engel, Stacia R and Fisk, Dianna G and Hirschman, Jodi E and Hitz, Benjamin C and Karra, Kalpana and Krieger, Cynthia J and Miyasato, Stuart R and Nash, Rob S and Park, Julie and Skrzypek, Marek S and Simison, Matt and Weng, Shuai and Wong, Edith D},
title = {{Saccharomyces Genome Database: the genomics resource of budding yeast.}},
journal = {Nucleic Acids Research},
year = {2012},
volume = {40},
number = {Database issue},
pages = {D700--5},
month = jan
}

